/home/ulvik/Documents/library.bib